<?xml version="1.0" encoding="UTF-8"?>
<collection xmlns:xsi="http://www.w3.org/2001/XMLSchema-instance" xsi:schemaLocation="http://www.loc.gov/MARC21/slim http://www.loc.gov/standards/marcxml/schema/MARC21slim.xsd" xmlns="http://www.loc.gov/MARC21/slim">
<record>
  <leader>00912cam a22002291  4500</leader>
  <controlfield tag="001">2983822</controlfield>
  <controlfield tag="003">NNC</controlfield>
  <controlfield tag="005">20151019143149.0</controlfield>
  <controlfield tag="008">010226s1900    ua            000 0 ara d</controlfield>
  <datafield tag="035" ind1=" " ind2=" ">
    <subfield code="a">(OCoLC)ocm46322236</subfield>
  </datafield>
  <datafield tag="035" ind1=" " ind2=" ">
    <subfield code="9">ASN1009CU</subfield>
  </datafield>
  <datafield tag="035" ind1=" " ind2=" ">
    <subfield code="a">(NNC)2983822</subfield>
  </datafield>
  <datafield tag="040" ind1=" " ind2=" ">
    <subfield code="a">ZCU</subfield>
    <subfield code="c">ZCU</subfield>
  </datafield>
  <datafield tag="090" ind1=" " ind2=" ">
    <subfield code="a">PJ6102.I23</subfield>
    <subfield code="b">M33</subfield>
  </datafield>
  <datafield tag="100" ind1="1" ind2=" ">
    <subfield code="a">Makkūdī, ʻAbd al-Raḥmān ibn ʻAlī,</subfield>
    <subfield code="d">-1404 or 1405.</subfield>
  </datafield>
  <datafield tag="240" ind1="1" ind2="0">
    <subfield code="a">Sharḥ ʻalā Alfīyat Ibn Mālik</subfield>
  </datafield>
  <datafield tag="245" ind1="1" ind2="0">
    <subfield code="a">Sharh ...</subfield>
    <subfield code="c">Abī Zayd ʻAbd al-Rahmān ibn ʻAlī ibn Ṣāliḥ al-Makkūdī ʻalá Alfīyat Ibn Mālik fī al-naḥw. Wa-bi-hāmishihī Ḥāshiyat al-Mollawī.</subfield>
  </datafield>
  <datafield tag="260" ind1=" " ind2=" ">
    <subfield code="a">[al-Qāhirah]</subfield>
    <subfield code="b">al-Maṭbaʻah al-Azharīyah al-Miṣrīyah,</subfield>
    <subfield code="c">1318 [1900]</subfield>
  </datafield>
  <datafield tag="300" ind1=" " ind2=" ">
    <subfield code="a">234, 2 p.</subfield>
    <subfield code="c">28 cm.</subfield>
  </datafield>
  <datafield tag="600" ind1="1" ind2="0">
    <subfield code="a">Ibn Mālik, Muḥammad ibn ʻAbd Allāh,</subfield>
    <subfield code="d">-1274.</subfield>
    <subfield code="t">AlfƠiyah.</subfield>
  </datafield>
  <datafield tag="650" ind1=" " ind2="0">
    <subfield code="a">Arabic language</subfield>
    <subfield code="x">Grammar</subfield>
    <subfield code="v">Early works to 1800.</subfield>
  </datafield>
  <datafield tag="955" ind1=" " ind2=" ">
    <subfield code="b">0036759970</subfield>
    <subfield code="d">glx</subfield>
    <subfield code="e">PJ6102.I23 M33</subfield>
  </datafield>
</record>
</collection>